<?xml version="1.0" encoding="UTF-8"?><collection xmlns="http://www.loc.gov/MARC21/slim"><record><leader>00541nam--2200181-i-4500</leader><controlfield tag="001">000047781</controlfield><controlfield tag="002">20161230</controlfield><controlfield tag="005">20161230201046</controlfield><controlfield tag="008">060222s1000------------r-----000-0-eng-d</controlfield><datafield ind1=" " ind2=" " tag="040"><subfield code="a">IFIN-HH</subfield></datafield><datafield ind1=" " ind2=" " tag="080"><subfield code="a">53.06(082):577.3</subfield></datafield><datafield ind1="1" ind2=" " tag="100"><subfield code="a">Marton, C</subfield></datafield><datafield ind1="1" ind2="0" tag="245"><subfield code="a">Methods of experimental physics. vol. 20 biophysics</subfield><subfield code="c">C. marton (editor-in-chief) gerald ehrenstein, harold lecar (eds.)</subfield></datafield><datafield ind1=" " ind2=" " tag="260"><subfield code="a">New York</subfield><subfield code="b">Academic Press</subfield><subfield code="c">1982</subfield></datafield><datafield ind1=" " ind2=" " tag="300"><subfield code="a">XXVIII+568P</subfield></datafield><datafield ind1="1" ind2=" " tag="700"><subfield code="a">Lecar, Harold</subfield><subfield code="e">Ed</subfield></datafield><datafield ind1=" " ind2=" " tag="852"><subfield code="a">14584</subfield><subfield code="c">53</subfield></datafield><datafield ind1=" " ind2=" " tag="CAT"><subfield code="a">Sys</subfield><subfield code="c">20150211</subfield><subfield code="h">233457</subfield></datafield></record></collection>